<?xml version="1.0" encoding="UTF-8"?><collection xmlns="http://www.loc.gov/MARC21/slim"><record><leader>00532nam--2200181-i-4500</leader><controlfield tag="001">000014065</controlfield><controlfield tag="002">20161230</controlfield><controlfield tag="005">20161230201030</controlfield><controlfield tag="008">060222s1000------------r-----000-0-fre-d</controlfield><datafield ind1=" " ind2=" " tag="040"><subfield code="a">IFIN-HH</subfield></datafield><datafield ind1=" " ind2=" " tag="041"><subfield code="a">fre</subfield></datafield><datafield ind1=" " ind2=" " tag="080"><subfield code="a">539.173.3(043)</subfield></datafield><datafield ind1="1" ind2=" " tag="100"><subfield code="a">Abou Yehia,Hassan</subfield></datafield><datafield ind1="1" ind2="0" tag="245"><subfield code="a">Etude experimentale des effets dynamiques dans la fission induite par neutrons dans 232th et 238u</subfield><subfield code="b">These</subfield><subfield code="c">Hassan abou yehia</subfield></datafield><datafield ind1=" " ind2=" " tag="260"><subfield code="a">Paris</subfield><subfield code="b">Universite</subfield><subfield code="c">1980</subfield></datafield><datafield ind1=" " ind2=" " tag="300"><subfield code="a">IV + 199P</subfield></datafield><datafield ind1=" " ind2=" " tag="852"><subfield code="a">49785</subfield><subfield code="c">539.17</subfield></datafield><datafield ind1=" " ind2=" " tag="CAT"><subfield code="a">Sys</subfield><subfield code="c">20120619</subfield><subfield code="h">165214</subfield></datafield></record></collection>